<record><leader>00000cas a2200000 a 4500</leader><controlfield tag="001">37339339</controlfield><controlfield tag="008">970723d191u191uokudn n       0   a0eng  </controlfield><controlfield tag="009">15907</controlfield><datafield ind1=" " ind2=" " tag="010"><subfield code="a">sn 97070126 </subfield></datafield><datafield ind1=" " ind2=" " tag="040"><subfield code="a">OBN</subfield><subfield code="b">eng</subfield><subfield code="c">OBN</subfield><subfield code="d">OCLCQ</subfield><subfield code="d">DLC</subfield><subfield code="d">OCLCF</subfield></datafield><datafield ind1=" " ind2=" " tag="012"><subfield code="l">a</subfield></datafield><datafield ind1="0" ind2=" " tag="022"><subfield code="a">2163-8411</subfield><subfield code="2">1</subfield></datafield><datafield ind1="1" ind2=" " tag="029"><subfield code="a">AU@</subfield><subfield code="b">000013409354</subfield></datafield><datafield ind1=" " ind2=" " tag="042"><subfield code="a">pcc</subfield><subfield code="a">nsdp</subfield></datafield><datafield ind1=" " ind2=" " tag="043"><subfield code="a">n-us-ok</subfield></datafield><datafield ind1="0" ind2="0" tag="050"><subfield code="a">Newspaper</subfield></datafield><datafield ind1="1" ind2="0" tag="082"><subfield code="a">070</subfield><subfield code="2">14</subfield></datafield><datafield ind1=" " ind2="0" tag="222"><subfield code="a">Anadarko morning democrat</subfield></datafield><datafield ind1="0" ind2="0" tag="245"><subfield code="a">Anadarko morning democrat.</subfield></datafield><datafield ind1=" " ind2=" " tag="260"><subfield code="a">Anadarko, Okla. :</subfield><subfield code="b">W.B. Stephens</subfield></datafield><datafield ind1=" " ind2=" " tag="300"><subfield code="a">v.</subfield></datafield><datafield ind1=" " ind2=" " tag="310"><subfield code="a">Daily (except Mon.)</subfield></datafield><datafield ind1=" " ind2=" " tag="530"><subfield code="a">Archived issues are available in digital format as part of the Library of Congress Chronicling America online collection.</subfield></datafield><datafield ind1=" " ind2=" " tag="588"><subfield code="a">Description based on: Vol. 9, no. 295 (July 17, 1911).</subfield></datafield><datafield ind1=" " ind2="0" tag="651"><subfield code="a">Anadarko (Okla.)</subfield><subfield code="v">Newspapers.</subfield></datafield><datafield ind1=" " ind2="0" tag="651"><subfield code="a">Caddo County (Okla.)</subfield><subfield code="v">Newspapers.</subfield></datafield><datafield ind1=" " ind2="7" tag="655"><subfield code="a">Newspapers.</subfield><subfield code="2">fast</subfield><subfield code="0">(OCoLC)fst01423814</subfield></datafield><datafield ind1=" " ind2="7" tag="651"><subfield code="a">Oklahoma</subfield><subfield code="z">Anadarko.</subfield><subfield code="2">fast</subfield><subfield code="0">(OCoLC)fst01221651</subfield></datafield><datafield ind1=" " ind2="7" tag="651"><subfield code="a">Oklahoma</subfield><subfield code="z">Caddo County.</subfield><subfield code="2">fast</subfield><subfield code="0">(OCoLC)fst01223117</subfield></datafield><datafield ind1=" " ind2=" " tag="752"><subfield code="a">United States</subfield><subfield code="b">Oklahoma</subfield><subfield code="c">Caddo</subfield><subfield code="d">Anadarko.</subfield></datafield><datafield ind1="0" ind2=" " tag="775"><subfield code="t">Anadarko democrat, Caddo County democrat</subfield><subfield code="w">(DLC)sn 97070131</subfield><subfield code="w">(OCoLC)37339789</subfield></datafield><datafield ind1="0" ind2="0" tag="780"><subfield code="t">Anadarko daily democrat (Anadarko, Okla. : 1908)</subfield><subfield code="x">2163-8071</subfield><subfield code="w">(DLC)sn 97070125</subfield><subfield code="w">(OCoLC)37339304</subfield></datafield><datafield ind1="0" ind2="0" tag="785"><subfield code="t">Daily democrat (Anadarko, Okla. : 1914)</subfield><subfield code="x">2163-8489</subfield><subfield code="w">(DLC)sn 97070127</subfield><subfield code="w">(OCoLC)37339396</subfield></datafield><datafield ind1="4" ind2="1" tag="856"><subfield code="u">http://www.loc.gov/chroniclingamerica/lccn/sn97070126/issues</subfield></datafield></record>